@Book{xie2015,
  title = {Dynamic Documents with {R} and knitr},
  author = {Yihui Xie},
  publisher = {Chapman and Hall/CRC},
  address = {Boca Raton, Florida},
  year = {2015},
  edition = {2nd},
  note = {ISBN 978-1498716963},
  url = {http://yihui.name/knitr/},
}

@Book{Breiman1984,
  title = {Classification and Regression Trees},
  author = {Breiman, L. and Friedman, J. H. and Olshen, R. A. and Stone, C. J.},
  publisher = {Chapman and Hall/CRC},
  address = {Boca Raton, Florida},
  year = {1984},
  edition = {1nd},
  note = {ISBN 978-0412048418},
  url = {https://www.crcpress.com/Classification-and-Regression-Trees/Breiman-Friedman-Stone-Olshen/p/book/9780412048418},
}

@book{james2013,
  address = {New York},
  author = {James, Gareth and Witten, Daniela and Hastie, Trevor and Tibshirani, Robert},
  doi = {10.1007/DOI},
  file = {SpringerLink:2013/JamesWittenEtAl2013.pdf:PDF;Springer Product page:http\://www.springer.com/978-1-4614-7137-0:URL;Amazon Search inside:http\://www.amazon.de/gp/reader/1461471370/:URL},
  isbn = {978-1-4614-7137-0},
  issn = {1431-875X},
  publisher = {Springer},
  series = {Springer Texts in Statistics},
  title = {An Introduction to Statistical Learning -- with Applications in R},
  volume = 103,
  year = 2013
}

@Article{Cortes1995,
author="Cortes, Corinna
and Vapnik, Vladimir",
title="Support-Vector Networks",
journal="Machine Learning",
year="1995",
month="Sep",
day="01",
volume="20",
number="3",
pages="273--297",
issn="1573-0565",
doi="10.1023/A:1022627411411",
url="https://doi.org/10.1023/A:1022627411411"
}

@proceedings{freund_1995,
  author = {Freund, Yoav and Schapire, Robert E.},
  annote = {In: Vit√°nyi P. (eds) Computational Learning Theory. EuroCOLT 1995.},
  pages = {23-37},
  title = {A desicion-theoretic generalization of on-line learning and an application to boosting},
  volume = {904},
  year = {1995},
  organization = {Springer, Berlin, Heidelberg}
}

@TECHREPORT{Friedman1999a,
  author = {Friedman, J. H.},
  title = {Greedy Function Approximation: A Gradient Boosting Machine},
  institution = {Stanford University},
  year = {1999}
}

@TECHREPORT{Friedman1999b,
  author = {Friedman, J. H.},
  title = {Stochastic Gradient Boosting},
  institution = {Stanford University},
  year = {1999}
}

@INPROCEEDINGS{Drucker97,
    author = {Harris Drucker and Chris J. C. Burges and Linda Kaufman and Alex Smola and Vladimir Vapnik},
    title = {Support Vector Regression Machines},
    booktitle = {ADVANCES IN NEURAL INFORMATION PROCESSING SYSTEMS 9},
    year = {1997},
    pages = {155--161},
    publisher = {MIT Press}
}

@inproceedings{shivaswamy2007,
  title={A support vector approach to censored targets},
  author={Shivaswamy, Pannagadatta K and Chu, Wei and Jansche, Martin},
  booktitle={Seventh IEEE International Conference on Data Mining (ICDM 2007)},
  pages={655--660},
  year={2007},
  organization={IEEE}
}

@inproceedings{Ho1995,
author = {Ho, Tin Kam},
booktitle = {Proceedings of the International Conference on Document Analysis and Recognition, ICDAR},
doi = {10.1109/ICDAR.1995.598994},
issn = {15205363},
keywords = {random forests},
mendeley-tags = {random forests},
title = {{Random decision forests}},
volume = {1},
year = {1995}
}

@phdthesis{LisaSchlosser2020,
    title    = {Distributional Trees and Forests},
    school   = {University of Innsbruck},
    author   = {Schlosser, Lisa},
    year     = {2020}
}

@article{Lisa2019,
author = {Lisa Schlosser and Torsten Hothorn and Reto Stauffer and Achim Zeileis},
title = {{Distributional regression forests for probabilistic precipitation forecasting in complex terrain}},
volume = {13},
journal = {The Annals of Applied Statistics},
number = {3},
publisher = {Institute of Mathematical Statistics},
pages = {1564 -- 1589},
keywords = {GAMLSS, Parametric models, probabilistic forecasting, random forests, recursive partitioning, regression trees},
year = {2019},
doi = {10.1214/19-AOAS1247},
URL = {https://doi.org/10.1214/19-AOAS1247}
}
